<record><leader>00000cas a22000007a 4500</leader><controlfield tag="001">19537296</controlfield><controlfield tag="008">890412d18481849pauwr ne      0    0eng d</controlfield><datafield ind1=" " ind2=" " tag="010"><subfield code="a">sn 89077120 </subfield></datafield><datafield ind1=" " ind2=" " tag="040"><subfield code="a">NPH</subfield><subfield code="b">eng</subfield><subfield code="c">NPH</subfield><subfield code="d">OCLCQ</subfield></datafield><datafield ind1=" " ind2=" " tag="042"><subfield code="a">msc</subfield></datafield><datafield ind1="0" ind2="0" tag="245"><subfield code="a">Manheim weekly planet and Rapho banner.</subfield></datafield><datafield ind1="1" ind2="7" tag="246"><subfield code="a">Planet</subfield></datafield><datafield ind1=" " ind2=" " tag="260"><subfield code="a">Manheim, Pa. :</subfield><subfield code="b">J.M. Ensminger</subfield></datafield><datafield ind1=" " ind2=" " tag="300"><subfield code="a">v. :</subfield><subfield code="b">ill. (chiefly advertisements) ;</subfield><subfield code="c">48 cm.</subfield></datafield><datafield ind1=" " ind2=" " tag="310"><subfield code="a">Weekly</subfield></datafield><datafield ind1="1" ind2=" " tag="362"><subfield code="a">Began in 1848; ceased in 1849.</subfield></datafield><datafield ind1=" " ind2=" " tag="500"><subfield code="a">"Weekly" appears within title ornament, &lt;1848&gt;.</subfield></datafield><datafield ind1=" " ind2=" " tag="588"><subfield code="a">Description based on: Vol. 3, no. 1 (Jan. 11, 1848).</subfield></datafield><datafield ind1=" " ind2=" " tag="752"><subfield code="a">United States</subfield><subfield code="b">Pennsylvania</subfield><subfield code="c">Lancaster</subfield><subfield code="d">Manheim.</subfield></datafield><datafield ind1="0" ind2="0" tag="780"><subfield code="t">Weekly planet and Rapho banner</subfield><subfield code="w">(DLC)sn 83032316</subfield></datafield><datafield ind1="0" ind2="0" tag="785"><subfield code="t">Manheim planet and banner</subfield><subfield code="w">(DLC)sn 89077119</subfield></datafield></record>